<record><leader>00000cas a2200000 a 4500</leader><controlfield tag="001">10900431</controlfield><controlfield tag="008">840629d185u1860vauwr ne      0    0eng c</controlfield><datafield ind1=" " ind2=" " tag="010"><subfield code="a">sn 84025994 </subfield></datafield><datafield ind1=" " ind2=" " tag="040"><subfield code="a">NPV</subfield><subfield code="b">eng</subfield><subfield code="c">NPV</subfield><subfield code="d">NVK</subfield><subfield code="d">OCL</subfield><subfield code="d">CUI</subfield><subfield code="d">OCLCQ</subfield><subfield code="d">OCLCF</subfield></datafield><datafield ind1=" " ind2=" " tag="042"><subfield code="a">pcc</subfield></datafield><datafield ind1=" " ind2=" " tag="043"><subfield code="a">n-us-va</subfield></datafield><datafield ind1=" " ind2="4" tag="050"><subfield code="a">AN</subfield></datafield><datafield ind1="0" ind2="0" tag="245"><subfield code="a">Warrenton weekly Whig.</subfield></datafield><datafield ind1=" " ind2=" " tag="260"><subfield code="a">Warrenton, Va. :</subfield><subfield code="b">J.E. Scruggs</subfield></datafield><datafield ind1=" " ind2=" " tag="300"><subfield code="a">v.</subfield></datafield><datafield ind1=" " ind2=" " tag="310"><subfield code="a">Weekly</subfield></datafield><datafield ind1="1" ind2=" " tag="362"><subfield code="a">Ceased in 1860.</subfield><subfield code="z">Cf. Cappon, L.J. Va. newspapers, 1821-1935.</subfield></datafield><datafield ind1=" " ind2=" " tag="500"><subfield code="a">Editor: J.E. Scruggs, &lt;1859-1860&gt;.</subfield></datafield><datafield ind1=" " ind2=" " tag="588"><subfield code="a">Description based on: Vol. 13, no. 41 (Oct. 20, 1859).</subfield></datafield><datafield ind1=" " ind2="0" tag="651"><subfield code="a">Warrenton (Va.)</subfield><subfield code="v">Newspapers.</subfield></datafield><datafield ind1=" " ind2="0" tag="651"><subfield code="a">Fauquier County (Va.)</subfield><subfield code="v">Newspapers.</subfield></datafield><datafield ind1=" " ind2="7" tag="655"><subfield code="a">Newspapers.</subfield><subfield code="2">fast</subfield><subfield code="0">(OCoLC)fst01423814</subfield></datafield><datafield ind1=" " ind2="7" tag="651"><subfield code="a">Virginia</subfield><subfield code="z">Fauquier County.</subfield><subfield code="2">fast</subfield><subfield code="0">(OCoLC)fst01215058</subfield></datafield><datafield ind1=" " ind2="7" tag="651"><subfield code="a">Virginia</subfield><subfield code="z">Warrenton.</subfield><subfield code="2">fast</subfield><subfield code="0">(OCoLC)fst01206279</subfield></datafield><datafield ind1=" " ind2=" " tag="752"><subfield code="a">United States</subfield><subfield code="b">Virginia</subfield><subfield code="c">Fauquier</subfield><subfield code="d">Warrenton.</subfield></datafield><datafield ind1="0" ind2="8" tag="776"><subfield code="i">Online version:</subfield><subfield code="t">Warrenton weekly Whig</subfield><subfield code="w">(OCoLC)192107561</subfield></datafield><datafield ind1="0" ind2="0" tag="780"><subfield code="t">Warrenton Whig</subfield><subfield code="w">(DLC)sn 84025993</subfield><subfield code="w">(OCoLC)10900440</subfield></datafield></record>